
%%%%%%%%%%%%%%%%%%%%%%%%%%%%%%%%%%%%%%%%%%%%%%%%%%%%%%%%%%%%%%%%%%%%%%%%%%%%%%%%
%%%                               80 COLONNES                                %%%
%%%%%%%%%%%%%%%%%%%%%%%%%%%%%%%%%%%%%%%%%%%%%%%%%%%%%%%%%%%%%%%%%%%%%%%%%%%%%%%%


%%% Livres dédiés
%%%%%%%%%%%%%%%%%%%%%%%%%%%%%%%%%%%%%%%%%%%%%%%%%%%%%%%%%%%%%%%%%%%%%%%%%%%%%

@BOOK{LivreDargie2010,
  AUTHOR =       {W. W. Dargie and C. Poellabauer},
  TITLE =       {{Fundamentals of Wireless Sensor Networks:
                  Theory and Practice}},
  SERIES =       {Wireless Communications and Mobile Computing},
  YEAR =         {2010},
  ISBN =         {978-0-470-99765-9},
  PUBLISHER =    {John Wiley \& Sons}
}

@BOOK{LivreAkyildiz2010,
  AUTHOR =       {I. F. Akyildiz and M. C. Vuran},
  TITLE =       {{Wireless Sensor Networks}},
  SERIES =       {Advanced Texts in Communications and Networking},
  YEAR =         {2010},
  ISBN =         {978-0-470-03601-3},
  PUBLISHER =    {John Wiley \& Sons}
}


%%% Thèses antérieures
%%%%%%%%%%%%%%%%%%%%%%%%%%%%%%%%%%%%%%%%%%%%%%%%%%%%%%%%%%%%%%%%%%%%%%%%%%%%%

@PHDTHESIS{TheseBNefzi,
  AUTHOR =       {B. Nefzi},
  TITLE =       {{M\'ecanismes auto-adaptatifs pour la gestion de la
                  Qualit\'e de Service dans les r\'eseaux de capteurs
                  sans fil}},
  SCHOOL =       {Networking and Internet Architecture.
                  Institut National Polytechnique de Lorraine (INPL)},
  YEAR =         {2011}
}

@PHDTHESIS{TheseSKhssibi,
  AUTHOR =       {S. Khssibi},
  TITLE =       {{Utilisation des r\'eseaux de capteurs de canne pour les
                  applications de surveillance de personnes}},
  SCHOOL =       {Université de Toulouse-le-Mirail},
  YEAR =         {2015}
}


%%% Protocoles
%%%%%%%%%%%%%%%%%%%%%%%%%%%%%%%%%%%%%%%%%%%%%%%%%%%%%%%%%%%%%%%%%%%%%%%%%%%%%

@ARTICLE{IEEE802154-2011,
  AUTHOR =      {{IEEE 802.15.4}},
  TITLE =       {{IEEE Standard for Local and metropolitan area
                  networks--Part 15.4: Low-Rate Wireless Personal Area
                  Networks (LR-WPANs)}},
  JOURNAL =      {IEEE Std 802.15.4-2011
                  (Revision of IEEE Std 802.15.4-2006)},
  ORGANIZATION = {IEEE},
  PAGES =        {1--314},
  YEAR =         {2011},
  KEY =          {802.15.4}
}

@ARTICLE{IEEE802154e-2012,
  AUTHOR =      {{IEEE 802.15.4e}},
  TITLE =       {{IEEE Standard for Local and metropolitan area
                  networks--Part 15.4: Low-Rate Wireless Personal Area
                  Networks (LR-WPANs) amendment 1: MAC sublayer}},
  JOURNAL =      {IEEE Std 802.15.4e-2012
                  (Amendment to IEEE Std 802.15.4-2011)},
  ORGANIZATION = {IEEE},
  PAGES =        {1--225},
  YEAR =         {2012},
  KEY =          {802.15.4e}
}

@INPROCEEDINGS{6LoWPAN,
  AUTHOR =       {G. Mulligan},
  TITLE =       {{The 6LoWPAN Architecture}},
  BOOKTITLE =    {Proceedings of the 4th Workshop on Embedded
                  Networked Sensors},
  SERIES =       {EmNets '07},
  PAGES =        {78--82},
  YEAR =         {2007},
  DOI =          {10.1145/1278972.1278992},
  ISBN =         {978-1-59593-694-3},
  PUBLISHER =    {ACM},
}

@ARTICLE{ZigBee,
  AUTHOR =      {{ZigBee Alliance}},
  TITLE =        {ZigBee 2007 specification},
  JOURNAL =      {Online:
         \texttt{http://www.zigbee.org/Specifications/ZigBee/Overview.aspx}},
  VOLUME =       {45},
  PAGES =        {120},
  YEAR =         {2007}
}

@INPROCEEDINGS{6TiSCH,
  AUTHOR =       {P. Thubert and T. Watteyne and M.R. Palattella
                  and X. Vilajosana and Q. Wang},
  TITLE =       {{IETF 6TSCH: Combining IPv6 Connectivity
                  with Industrial Performance}},
  BOOKTITLE =    {Seventh International Conference on Innovative Mobile and
                  Internet Services in Ubiquitous Computing},
  SERIES =       {IMIS 2013},
  PAGES =        {541-546},
  YEAR =         {2013},
  DOI =          {10.1109/IMIS.2013.96}
}

@INCOLLECTION{6TiSCHbis,
  AUTHOR =       {M.R. Palattella and P. Thubert and X. Vilajosana
                  and T. Watteyne and Q. Wang and T. Engel},
  TITLE =       {{6TiSCH Wireless Industrial Networks: Determinism
                  Meets IPv6}},
  BOOKTITLE =    {Internet of Things},
  SERIES =       {Smart Sensors, Measurement and Instrumentation},
  VOLUME =       {9},
  PAGES =        {111--141},
  YEAR =         {2014},
  DOI =          {10.1007/978-3-319-04223-7_5},
  ISBN =         {978-3-319-04222-0},
  PUBLISHER =    {Springer International Publishing}
}

@ARTICLE{6TiSCHter,
  AUTHOR =       {D. Dujovne and T. Watteyne and X. Vilajosana
                  and P. Thubert},
  TITLE =       {{6TiSCH: deterministic IP-enabled industrial internet
                  (of things)}},
  JOURNAL =      {Communications Magazine, IEEE},
  VOLUME =       {52},
  NUMBER =       {12},
  PAGES =        {36--41},
  YEAR =         {2014},
  DOI =          {10.1109/MCOM.2014.6979984},
  ISSN =         {0163-6804},
  PUBLISHER =    {IEEE}
}

@TECHREPORT{CoAP2014,
  AUTHOR =       {Z. Shelby and K. Hartke and C. Bormann},
  TITLE =       {{The Constrained Application Protocol (CoAP)}},
  HOWPUBLISHED = {Internet Requests for Comments},
  TYPE =        {{RFC}},
  INSTITUTION =  {Internet Engineering Task Force (IETF)},
  NUMBER =       {7252},
  PAGES =        {1--112},
  YEAR =         {2014},
  ISSN =         {2070-1721},
  URL =          {http://www.rfc-editor.org/rfc/rfc7252.txt},
  PUBLISHER =    {RFC Editor}
}

@TECHREPORT{NDP,
  AUTHOR =       {T. Narten and E. Nordmark and E. Simpson
                  and H. Soliman},
  TITLE =       {{Neighbor Discovery for IP version 6}},
  HOWPUBLISHED = {Internet Requests for Comments},
  TYPE =        {{RFC}},
  INSTITUTION =  {Internet Engineering Task Force (IETF)},
  NUMBER =       {4861},
  PAGES =        {1--97},
  YEAR =         {2007},
  URL =          {http://www.rfc-editor.org/rfc/rfc4861.txt},
  DOI =          {10.17487/RFC4861},
  PUBLISHER =    {RFC Editor}
}

@ARTICLE{OCARI,
  AUTHOR =       {K. Al Agha and M.-H. Bertin and T. Dang and A. Guitton
                  and P. Minet and T. Val J.-B. and Viollet},
  TITLE =       {{Which Wireless Technology for Industrial Wireless Sensor
                  Networks? The Development of OCARI Technology}},
  JOURNAL =      {Industrial Electronics, IEEE Transactions on},
  VOLUME =       {56},
  NUMBER =       {10},
  PAGES =        {4266-4278},
  YEAR =         {2009},
  DOI =          {10.1109/TIE.2009.2027253},
  ISSN =         {0278-0046},
  PUBLISHER =    {IEEE}
}


%%% Tutoriaux / États de l'art
%%%%%%%%%%%%%%%%%%%%%%%%%%%%%%%%%%%%%%%%%%%%%%%%%%%%%%%%%%%%%%%%%%%%%%%%%%%%%

@ARTICLE{Evolution-MAC-WSN-Survey-2013,
  AUTHOR =       {P. Huang and L. Xiao and S. Soltani and M. W. Mutka
                  and N. Xi},
  TITLE =       {{The Evolution of MAC Protocols in Wireless Sensor Networks:
                  A Survey}},
  JOURNAL =      {Communications Surveys \& Tutorials, IEEE},
  VOLUME =       {15},
  NUMBER =       {1},
  PAGES =        {101--120},
  YEAR =         {2013},
  PUBLISHER =    {IEEE}
}

@ARTICLE{Middleware-WSN-Survey-2008,
  AUTHOR =       {M.-M. Wang and J.-N. Cao and J. Li and S. K. Dasi},
  TITLE =       {{Middleware for Wireless Sensor Networks: A Survey}},
  JOURNAL =      {Journal of Computer Science and Technology},
  VOLUME =       {23},
  NUMBER =       {3},
  PAGES =        {305--326},
  YEAR =         {2008},
  PUBLISHER =    {Springer}
}

@ARTICLE{WSN-HealthCare-Survey-2010,
  AUTHOR =       {H. Alemdar and C. Ersoy},
  TITLE =       {{Wireless sensor networks for healthcare: A survey}},
  JOURNAL =      {Computer Networks},
  VOLUME =       {54},
  NUMBER =       {15},
  PAGES =        {2688--2710},
  YEAR =         {2010},
  PUBLISHER =    {Elsevier}
}


%%% Papiers dont je suis (co-)auteur
%%%%%%%%%%%%%%%%%%%%%%%%%%%%%%%%%%%%%%%%%%%%%%%%%%%%%%%%%%%%%%%%%%%%%%%%%%%%%

%%%% => Conférences

@INPROCEEDINGS{KR-UbiMob-2013,
  AUTHOR =       {M. Chehaider and K. Roussel and Y.-Q. Song},
  TITLE =       {{Interop{\'e}rabilit{\'e} des r{\'e}seaux de capteurs
                  h{\'e}t{\'e}rog{\`e}nes dans un appartement intelligent}},
  BOOKTITLE =    {9{\`e}mes journ{\'e}es francophones Mobilit{\'e}
                  et Ubiquit{\'e}},
  SERIES =       {UbiMob 2013},
  YEAR =         {2013},
  MONTH =        {Juin},
  LOCATION =     {Nancy, France}
}

@INPROCEEDINGS{KR-IoT-LAB-2014,
  AUTHOR =       {K. Roussel},
  TITLE =       {{Implemeting a real-time MAC protocol under RIOT OS:
                  running on Zolertia Z1 motes}},
  BOOKTITLE =    {Workshop Internet of Things~/ Equipex FIT IoT-LAB},
  YEAR =         {2014},
  MONTH =        {Novembre},
  LOCATION =     {Montbonnot, France},
  ORGANIZATION = {INRIA Grenoble Rhone-Alpes}
}

@INPROCEEDINGS{KR-SENSORNETS-2015,
  AUTHOR =       {K. Roussel and Y.-Q. Song and O. Zendra},
  TITLE =       {{RIOT OS Paves the Way for Implementation of
                  High-performance MAC Protocols}},
  BOOKTITLE =    {Proceedings of the 4th International Conference
                  on Sensor Networks},
  SERIES =       {SensorNets 2015},
  PAGES =        {5--14},
  YEAR =         {2015},
  MONTH =        {February},
  LOCATION =     {Angers, France},
  DOI =          {10.5220/0005237600050014},
  ISBN =         {978-989-758-086-4},
  PUBLISHER =    {SCITEPRESS}
}

@INPROCEEDINGS{KR-EWSN-NextMote-2016,
  AUTHOR =       {K. Roussel and Y.-Q. Song and O. Zendra},
  TITLE =       {{Using Cooja for WSN Simulations: Some New Uses and Limits}},
  BOOKTITLE =    {Proceedings of the 2016 International Conference
                  on Embedded Wireless Systems and Networks},
  SERIES =       {EWSN '16},
  PAGES =        {319--324},
  YEAR =         {2016},
  MONTH =        {February},
  LOCATION =     {Graz, Autriche},
  ISBN =         {978-0-9949886-0-7},
  PUBLISHER =    {ACM~/ Junction Publishing}
}

%%%% => Rapports de recherche

@TECHREPORT{KR-RR-8776-2013,
  AUTHOR =       {K. Roussel and Y.-Q. Song},
  TITLE =       {{A critical analysis of Contiki's network stack for
                  integrating new MAC protocols}},
  INSTITUTION =  {INRIA},
  YEAR =         {2013},
  MONTH =        {Décembre},
  TYPE =         {Rapport de recherche},
  NUMBER =      {{RR-8776}},
  NOTE =         {ID hal-01202542}
}

@TECHREPORT{KR-RR-8777-2015,
  AUTHOR =       {K. Roussel and Y.-Q. Song and O. Zendra},
  TITLE =       {{Lessons Learned through Implementation and Performance
                  Comparison of Two MAC/RDC Protocols on Different WSN OS}},
  INSTITUTION =  {INRIA},
  YEAR =         {2015},
  MONTH =        {Mars},
  TYPE =         {Rapport de recherche},
  NUMBER =      {{RR-8777}},
  NOTE =         {ID hal-01202664}
}


%%% Papiers sur les OS pour réseaux de capteurs sans-fil
%%%%%%%%%%%%%%%%%%%%%%%%%%%%%%%%%%%%%%%%%%%%%%%%%%%%%%%%%%%%%%%%%%%%%%%%%%%%%

@INPROCEEDINGS{MansOS,
  AUTHOR =       {G. Strazdins and A. Elsts and L. Selavo},
  TITLE =       {{MansOS: Easy to Use, Portable and Resource Efficient
                  Operating System for Networked Sensor Systems}},
  BOOKTITLE =    {Proceedings of the 8th ACM Conference on
                  Embedded Networked Sensor Systems},
  SERIES =       {Sensys '10},
  PAGES =        {427--428},
  YEAR =         {2010},
  PUBLISHER =    {ACM},
  NOTE =         {\texttt{http://mansos.edi.lv/}}
}

@INPROCEEDINGS{LiteOS,
  AUTHOR =       {Q. Cao and T. Abdelzaher and J. Stankovic and T. He},
  TITLE =       {{the LiteOS Operating System: Towards Unix-Like
                  Abstractions for Wireless Sensor Networks}},
  BOOKTITLE =    {Proceedings of the 7th International Conference on
                  Information Processing in Sensor Networks},
  SERIES =       {IPSN '08},
  PAGES =        {233--244},
  YEAR =         {2008},
  PUBLISHER =    {IEEE Computer Society},
  NOTE =         {\texttt{http://www.liteos.net/}}
}

@INPROCEEDINGS{MantisOS,
  AUTHOR =       {H. Abrach and S. Bhatti and J. Carlson and H. Dai
                  and J. Rose and A. Sheth and B. Shucker and J. Deng
                  and R. Han},
  TITLE =       {{Mantis: System Support for Multimodal Networks of
                  In-Situ Sensors}},
  BOOKTITLE =    {2nd ACM International Workshop on Wireless Sensor
                  Networks and Applications},
  SERIES =       {WSNA 2003},
  PAGES =        {50--59},
  YEAR =         {2003},
  PUBLISHER =    {ACM},
}

@INPROCEEDINGS{SOS,
  AUTHOR =       {C.-C. Han and R. Kumar and R. Shea and E. Kohler
                  and M. Srivastava},
  TITLE =       {{SOS: A Dynamic Operating System for Sensor Nodes}},
  BOOKTITLE =    {Proceedings of the 3rd International Conference on
                  Mobile Systems, Applications, and Services},
  SERIES =       {MobiSys '05},
  PAGES =        {163--176},
  YEAR =         {2005},
  PUBLISHER =    {ACM},
  NOTE =         {\texttt{https://projects.nesl.ucla.edu/public/ sos-2x/doc/}}
}

@INPROCEEDINGS{LorienOS,
  AUTHOR =       {B. Porter and G. Coulson},
  TITLE =       {{Lorien: a Pure Dynamic Component-Based Operating System
                  for Wireless Sensor Networks}},
  BOOKTITLE =    {Proceedings of the 4th International Workshop on
                  Middleware Tools, Services and Run-Time Support for
                  Sensor Networks},
  SERIES =       {MidSens '09},
  PAGES =        {7--12},
  YEAR =         {2009},
  PUBLISHER =    {ACM},
  NOTE =         {\texttt{http://lorienos.sourceforge.net/}}
}

@INCOLLECTION{TinyOS,
  AUTHOR =       {P. Levis and S. Madden and J. Polastre and R. Szewczyk
                  and K. Whitehouse and A. Woo and D. Gay and J. Hill
                  and M. Welsh and E. Brewer and D. Culler},
  TITLE =       {{TinyOS: An Operating System for Sensor Networks}},
  BOOKTITLE =    {Ambient Intelligence},
  PAGES =        {115--148},
  YEAR =         {2005},
  PUBLISHER =    {Springer Berlin Heidelberg},
  NOTE =         {\texttt{http://www.tinyos.net/}}
}

@INPROCEEDINGS{nesC,
  AUTHOR =       {D. Gay and P. Levis and R. von Behren and M. Welsh
                  and E. Brewer and D. Culler},
  TITLE =       {{The nesC Language: A Holistic Approach to Networked
                  Embedded Systems}},
  BOOKTITLE =    {Proceedings of the ACM SIGPLAN 2003 Conference
                  on Programming Language Design and Implementation},
  SERIES =       {PLDI '03},
  PAGES =        {1--11},
  YEAR =         {2003},
  DOI =          {10.1145/781131.781133},
  ISBN =         {1-58113-662-5},
  PUBLISHER =    {ACM}
} 


@INPROCEEDINGS{ContikiOS,
  AUTHOR =       {A. Dunkels and B. Gr\"onvall and T. Voigt},
  TITLE =       {{Contiki -- a Lightweight and Flexible Operating System
                  for Tiny Networked Sensors}},
  BOOKTITLE =    {IEEE 29th Conference on Local Computer Networks},
  SERIES =       {LCN '04},
  PAGES =        {455--462},
  YEAR =         {2004},
  PUBLISHER =    {IEEE Computer Society},
  NOTE =         {\texttt{http://www.contiki-os.org/}}
}

@INPROCEEDINGS{ContikiPort8051,
  AUTHOR =       {G. Oikonomou and I. Phillips},
  TITLE =       {{Experiences from porting the Contiki operating system
                  to a popular hardware platform}},
  BOOKTITLE =    {International Conference on Distributed Computing
                  in Sensor Systems and Workshops},
  SERIES =       {DCOSS 2011},
  PAGES =        {1--6},
  YEAR =         {2011},
  DOI =          {10.1109/DCOSS.2011.5982222},
  PUBLISHER =    {IEEE}
}

@INPROCEEDINGS{RIOT,
  AUTHOR =       {O. Hahm and E. Baccelli and M. G\"unes and M. W\"ahlisch
                  and T. C. Schmidt},
  TITLE =       {{RIOT OS: Towards an OS for the Internet of Things}},
  BOOKTITLE =    {INFOCOM 2013, Poster Session},
  YEAR =         {2013},
  MONTH =        {April},
  NOTE =         {\texttt{http://www.riot-os.org/}}
}

@INPROCEEDINGS{NanoRK,
  AUTHOR =       {A. Eswaran and A. Rowe and R. Rajkumar},
  TITLE =       {{Nano-RK: an energy-aware resource-centric RTOS
                  for sensor networks}},
  BOOKTITLE =    {Proceedings of the 26th IEEE International
                  Real-Time Systems Symposium},
  SERIES =       {RTSS '05},
  PAGES =        {265},
  YEAR =         {2005},
  DOI =          {10.1109/RTSS.2005.30},
  ISSN =         {1052-8725},
  PUBLISHER =    {IEEE},
  NOTE =         {\texttt{http://nanork.org/}}
}

@MISC{NanoRKTimeMgt,
  AUTHOR =       {},
  TITLE =       {{Nano-RK Time Management API}},
  YEAR =         {version of 2015},
  HOWPUBLISHED = {[Online: Wiki Page]},
  NOTE =         {\texttt{http://nanork.org/projects/nanork/wiki/Nrk-api-time-management/}},
  KEY =          {Nano-RK Time Management API}
}

@ARTICLE{NanoQplus2008,
  AUTHOR =       {S. C. Kim and H. Y. Kim and J. K. Song
                  and M. S. Yu and P. S. Mah},
  TITLE =       {{NanoQplus: A Multi-Threaded Operating System
                  with Memory Protection Mechanism for WSNs}},
  JOURNAL =      {Proceedings of the 1st China-Korea WSN Workshop (CKWSN)},
  VOLUME =       {20},
  NUMBER =       {08},
  YEAR =         {2008}
}

@INPROCEEDINGS{NanoQplusIPv6RPL2011,
  AUTHOR =       {J. S. Jeong and J. S. Kim and P. S. Mah},
  TITLE =       {{Design and implementation of low power wireless IPv6
                  routing for NanoQplus}},
  BOOKTITLE =    {Proceedings of the 13th International Conference
                  on Advanced Communication Technology},
  SERIES =       {ICACT 2011},
  PAGES =        {966--971},
  YEAR =         {2011},
  ISSN =         {1738-9445},
}

@MISC{FreeRTOS,
  AUTHOR =       {R. Barry},
  TITLE =       {{FreeRTOS---a free RTOS for small embedded real
                  time systems}},
  YEAR =         {2006},
  NOTE =         {\texttt{http://www.freertos.org/}}
}

@BOOK{FreeRTOSTuto,
  AUTHOR =       {R. Barry},
  TITLE =       {{Using the FreeRTOS\texttrademark
                  Real Time Kernel}},
  YEAR =         {2010},
  EDITION =      {First},
  ISBN =         {978-1-4461-7030-4},
  PUBLISHER =    {Real Time Engineers Ltd.}
}

@BOOK{FreeRTOSRef,
  EDITOR =      {{Real Time Engineers Ltd.}},
  TITLE =       {{Using the FreeRTOS\texttrademark
                  Real Time Kernel ---
                  API Functions and Configuration Options}},
  YEAR =         {2013},
  EDITION =      {Version 1.4.1},
  PUBLISHER =    {Real Time Engineers Ltd.}
}

@MISC{FreeRTOSPopularity,
  AUTHOR =       {P. Clarke},
  TITLE =       {{Android, FreeRTOS top EE Times' 2013 embedded survey}},
  HOWPUBLISHED = {[Online Journal: Web Page]},
  YEAR =         {2013},
  NOTE =         {\texttt{http://www.eetimes.com/document.asp?doc_id=1263083}}
}

@MISC{FreeRTOSTimerRes,
  AUTHOR =       {},
  TITLE =       {{FreeRTOS Support Archive---Tick Rate vs Performance of RTOS}},
  HOWPUBLISHED = {[Online: Forum]},
  YEAR =         {2012},
  NOTE =         {\texttt{http://www.freertos.org/FreeRTOS\_Support\_Forum\_Archive/May\_2012/
                  freertos\_Tick\_Rate\_vs\_Performance\_of\_RTOS\_5283865.html}},
  KEY =          {FreeRTOS Timer Resolution}
}

@INPROCEEDINGS{WiNo2013,
  AUTHOR =       {A. van den Bossche and T. Val},
  TITLE =       {{WiNo : une plateforme d’\'emulation et de prototypage
                  rapide pour l'ing\'enierie des protocoles en r\'eseaux
                  de capteurs sans fil}},
  BOOKTITLE =    {9{\`e}mes journ{\'e}es francophones Mobilit{\'e}
                  et Ubiquit{\'e}},
  SERIES =       {UbiMob 2013},
  YEAR =         {2013},
  MONTH =        {Juin}
}


%%% Papiers sur d'autres mécanismes potentiellement impliqués dans
%%%  (les OS pour) les réseaux de capteurs sans-fil
%%%%%%%%%%%%%%%%%%%%%%%%%%%%%%%%%%%%%%%%%%%%%%%%%%%%%%%%%%%%%%%%%%%%%%%%%%%%%

@INPROCEEDINGS{Protothreads,
  AUTHOR =       {A. Dunkels and O. Schmidt and T. Voigt and M. Ali},
  TITLE =       {{Protothreads: Simplifying Event-Driven Programming
                  of Memory-Constrained Embedded Systems}},
  BOOKTITLE =    {Proceedings of the 4th International Conference on
                  Embedded Networked Sensor Systems},
  SERIES =       {SenSys '06},
  PAGES =        {29--42},
  YEAR =         {2006},
  PUBLISHER =    {ACM}
}


%%% Papiers sur les piles réseau pour OS spécialisés capteurs sans-fil
%%%%%%%%%%%%%%%%%%%%%%%%%%%%%%%%%%%%%%%%%%%%%%%%%%%%%%%%%%%%%%%%%%%%%%%%%%%%%

@INPROCEEDINGS{uip,
  AUTHOR =       {A. Dunkels},
  TITLE =       {{Full TCP/IP for 8-bit architectures}},
  BOOKTITLE =    {Proceedings of the 1st International Conference on
                  Mobile Systems, Applications and Services},
  SERIES =       {MobiSys '03},
  PAGES =        {85--98},
  YEAR =         {2003},
  PUBLISHER =    {ACM}
}

@INPROCEEDINGS{Rime,
  AUTHOR =       {A. Dunkels},
  TITLE =        {Rime --- A Lightweight Layered Communication Stack
                  for Sensor Networks},
  BOOKTITLE =    {EWSN, Poster/Demo session},
  YEAR =         {2007}
}

@ARTICLE{OpenWSN,
  AUTHOR =       {T. Watteyne and X. Vilajosana and B. Kerkez and F. Chraim
                  and K. Weekly and Q. Wang and S. Glaser and K. Pister},
  TITLE =       {{OpenWSN: a standards-based low-power wireless
                  development environment}},
  JOURNAL =      {Transactions on Emerging Telecommunications Technologies},
  VOLUME =       {23},
  NUMBER =       {5},
  YEAR =         {2012},
  PAGES =        {480--493},
  ISSN =         {2161-3915},
  DOI =          {10.1002/ett.2558},
  PUBLISHER =    {John Wiley & Sons, Ltd}
}


%%% Papiers sur les simulateurs/émulateurs de réseaux de capteurs sans-fil
%%%%%%%%%%%%%%%%%%%%%%%%%%%%%%%%%%%%%%%%%%%%%%%%%%%%%%%%%%%%%%%%%%%%%%%%%%%%%

@INPROCEEDINGS{TOSSIM,
  AUTHOR =       {P. Levis and N. Lee and M. Welsh and D. Culler},
  TITLE =       {{TOSSIM: Accurate and Scalable Simulation
                  of Entire TinyOS Applications}},
  BOOKTITLE =    {Proceedings of the 1st International Conference on
                  Embedded Networked Sensor Systems},
  SERIES =       {SenSys '03},
  PAGES =        {126--137},
  YEAR =         {2003},
  PUBLISHER =    {ACM}
}

@INPROCEEDINGS{Cooja,
  AUTHOR =       {F. \"Osterlind and A. Dunkels and J. Eriksson and N. Finne
                  and T. Voigt},
  TITLE =       {{Cross-Level Sensor Network Simulation with Cooja}},
  BOOKTITLE =    {IEEE 31st Conference on Local Computer Networks},
  SERIES =       {LCN '06},
  PAGES =        {641--648},
  YEAR =         {2006},
  PUBLISHER =    {IEEE Computer Society}
}

@INPROCEEDINGS{MSPSim,
  AUTHOR =       {J. Eriksson and F. \"Osterlind and N. Finne and N. Tsiftes
                  and A. Dunkels and T. Voigt and R. Sauter
                  and J.P. Marr\'on},
  TITLE =       {{COOJA/MSPSim: Interoperability Testing for Wireless
                  Sensor Networks}},
  BOOKTITLE =    {Proceedings of the 2nd International Conference on
                  Simulation Tools and Techniques},
  SERIES =       {Simutools '09},
  PAGES =        {27:1--27:7},
  YEAR =         {2009},
  PUBLISHER =    {ICST}
}

@INPROCEEDINGS{Avrora,
  AUTHOR =       {B. L. Titzer and D.K. Lee and J. Palsberg},
  TITLE =       {{Avrora: Scalable Sensor Network Simulation with
                  Precise Timing}},
  BOOKTITLE =    {Proceedings of the 4th International Symposium on
                  Information Processing in Sensor Networks},
  SERIES =       {IPSN '05},
  YEAR =         {2005},
  ISBN =         {0-7803-9202-7},
  NOTE =         {Article no. 67},
  PUBLISHER =    {IEEE Press}
}


%%% Papiers sur les protocoles MAC/RDC
%%%%%%%%%%%%%%%%%%%%%%%%%%%%%%%%%%%%%%%%%%%%%%%%%%%%%%%%%%%%%%%%%%%%%%%%%%%%%

%%%% => protocoles anciens / de référence

@INPROCEEDINGS{SMAC,
  AUTHOR =       {W. Ye and J. Heidemann and D. Estrin}, 
  TITLE =       {{An Energy-Efficient MAC Protocol for Wireless Sensor
                  Networks}},
  BOOKTITLE =    {Proceedings of the 21st Annual Joint Conference of the
                  IEEE Computer and Communication Societies},
  SERIES =       {INFOCOM 2002},
  VOLUME =       {3},
  PAGES =        {1567--1576},
  YEAR =         {2002},
  PUBLISHER =    {IEEE}
}

@INPROCEEDINGS{TMAC,
  AUTHOR =       {T. Van Dam and K. Langendoen},
  TITLE =       {{An Adaptive Energy-efficient MAC Protocol for Wireless
                  Sensor Networks}},
  BOOKTITLE =    {Proceedings of the 1st International Conference on
                  Embedded Networked Sensor Systems},
  SERIES =       {SenSys '03},
  PAGES =        {171--180},
  YEAR =         {2003},
  DOI =          {10.1145/958491.958512},
  ISBN =         {1-58113-707-9},
  PUBLISHER =    {ACM}
}

@INPROCEEDINGS{BMAC,
  AUTHOR =       {J. Polastre and J. Hill and D. Culler},
  TITLE =       {{Versatile Low Power Media Access for Wireless
                  Sensor Networks}},
  BOOKTITLE =    {Proceedings of the 2nd International Conference on
                  Embedded Networked Sensor Systems},
  SERIES =       {SenSys '04},
  PAGES =        {95--107},
  YEAR =         {2004},
  PUBLISHER =    {ACM}
}

@INPROCEEDINGS{WiseMAC,
  AUTHOR =       {A. El-Hoiydi and J.-D. Decotignie}, 
  TITLE =       {{WiseMAC: an ultra low power MAC protocol for the
                  downlink of infrastructure wireless sensor networks}}, 
  BOOKTITLE =    {Proceedings of the Ninth International Symposium on
                  Computers and Communications},
  SERIES =       {ISCC 2004},
  VOLUME =       {1}, 
  PAGES =        {244--251}, 
  YEAR =         {2004}, 
  DOI =          {10.1109/ISCC.2004.1358412},
  PUBLISHER =    {IEEE}
}

@INPROCEEDINGS{XMAC,
  AUTHOR =       {M. Buettner and G. V. Yee and E. Anderson and R. Han},
  TITLE =       {{X-MAC: A Short Preamble MAC Protocol for Duty-cycled
                  Wireless Sensor Networks}},
  BOOKTITLE =    {Proceedings of the 4th International Conference on
                  Embedded Networked Sensor Systems},
  SERIES =       {SenSys '06},
  PAGES =        {307--320},
  YEAR =         {2006},
  PUBLISHER =    {ACM}
}

@INPROCEEDINGS{RIMAC,
  AUTHOR =       {Y. Sun and O. Gurewitz and D. B. Johnson},
  TITLE =       {{RI-MAC: A Receiver-initiated Asynchronous Duty Cycle
                  MAC Protocol for Dynamic Traffic Loads in Wireless
                  Sensor Networks}},
  BOOKTITLE =    {Proceedings of the 6th International Conference on
                  Embedded Networked Sensor Systems},
  SERIES =       {SenSys '08},
  PAGES =        {1--14},
  YEAR =         {2008},
  PUBLISHER =    {ACM}
}

@TECHREPORT{ContikiMAC,
  AUTHOR =       {A. Dunkels},
  TITLE =       {{The ContikiMAC Radio Duty Cycling Protocol}},
  INSTITUTION =  {Swedish Institute of Computer Science},
  NUMBER =       {T2011:13},
  YEAR =         {2011},
  ISSN =         {1100-3154}
}

@INPROCEEDINGS{Strawman,
  AUTHOR =       {F. \"{O}sterlind and L. Mottola and T. Voigt
                  and N. Tsiftes and A. Dunkels},
  TITLE =       {{Strawman: Resolving Collisions in Bursty Low-power
                  Wireless Networks}},
  BOOKTITLE =    {Proceedings of the 11th International Conference
                  on Information Processing in Sensor Networks},
  SERIES =       {IPSN '12},
  PAGES =        {161--172},
  YEAR =         {2012},
  ISBN =         {978-1-4503-1227-1},
  DOI =          {10.1145/2185677.2185729},
  PUBLISHER =    {ACM}
}

@INPROCEEDINGS{LMAC,
  AUTHOR =       {L. F. W. Van Hoesel and P. J. M. Havinga},
  TITLE =       {{A Lightweight Medium Access Protocol (LMAC)
                  for Wireless Sensor Networks: Reducing Preamble
                  Transmissions and Transceiver State Switches}},
  BOOKTITLE =    {First International Conference on Networked
                  Sensing Systems},
  PAGES =        {15},
  YEAR =         {2004},
  PUBLISHER =    {Society of Instrument and Control Engineers (SICE)}
}

@INPROCEEDINGS{AILMAC,
  AUTHOR =       {S. Chatterjea and L. F. W. Van Hoesel
                  and P. J. M. Havinga},
  TITLE =       {{AI-LMAC: An Adaptive, Information-centric and
                  Lightweight MAC Protocol for Wireless Sensor Networks}},
  BOOKTITLE =    {Proceedings of the Intelligent Sensors, Sensor Networks
                  and Information Processing Conference, 2004},
  PAGES =        {381--388},
  YEAR =         {2004},
  ORGANIZATION = {IEEE}
}

%%%% => protocoles/mécanismes récents

@INPROCEEDINGS{T-AAD, 
  AUTHOR =       {G. Z. Papadopoulos and J. Beaudaux and A. Gallais
                  and T. Noel},
  TITLE =       {{T-AAD: Lightweight traffic auto-adaptations for
                  low-power MAC protocols}}, 
  BOOKTITLE =    {13th Annual Mediterranean Ad Hoc Networking Workshop
                  (MED-HOC-NET), 2014}, 
  PAGES =        {79--86}, 
  YEAR =         {2014}, 
  MONTH =        {June},
  DOI =          {10.1109/MedHocNet.2014.6849108}
}

@INPROCEEDINGS{T-AAD-demo,
  AUTHOR =       {G. Z. Papadopoulos and A. Gallais and G. Schreiner
                  and T. Noel},
  TITLE =       {{Live Adaptations of Low-power MAC Protocols}},
  BOOKTITLE =    {Proceedings of the 2015 Workshop on Wireless of
                  the Students, by the Students, \& for the Students},
  PAGES =        {38--40},
  YEAR =         {2015},
  ORGANIZATION = {ACM}
}

@ARTICLE{ME-ContikiMAC,
  AUTHOR =       {G. Z. Papadopoulos and V. Kotsiou and A. Gallais
                  and P. Chatzimisios and T. Noel},
  TITLE =       {{Wireless Medium Access Control under Mobility
                  and Bursty Traffic Assumptions in WSNs}},
  
  JOURNAL =      {Mobile Networks and Applications},
  VOLUME =       {20},
  NUMBER =       {5},
  PAGES  =       {649--660},
  YEAR =         {2015},
  MONTH =        {Oct},
  DOI =          {10.1007/s11036-015-0608-1}, 
  ISSN =         {1572-8153},
  PUBLISHER =    {Springer US}
}

%%%% => CoSenS/S-CoSenS

@INPROCEEDINGS{CosensConf,
  AUTHOR =       {B. Nefzi and Y.-Q. Song},
  TITLE =       {{CoSenS: a Collecting and Sending Burst Scheme for
                  Performance Improvement of IEEE 802.15.4}},
  BOOKTITLE =    {IEEE 35th Conference on Local Computer Networks},
  SERIES =       {LCN '10},
  PAGES =        {172--175},
  YEAR =         {2010},
  PUBLISHER =    {IEEE Computer Society}
}

@ARTICLE{CosensJournal,
  AUTHOR =       {B. Nefzi and Y.-Q. Song},
  TITLE =       {{QoS for Wireless Sensor Networks: Enabling Service
                  Differentiation at the MAC Sub-layer Using CoSenS}},
  JOURNAL =      {Ad Hoc Networks},
  ISSUE_DATE =   {June, 2012},
  VOLUME =       {10},
  NUMBER =       {4},
  PAGES =        {680--695},
  YEAR =         {2012},
  MONTH =        {June},
  PUBLISHER =    {Elsevier Science Publishers B. V.}
}

%%%% => iQueueMAC

@INPROCEEDINGS{iQueueMAC,
  AUTHOR =       {S. Zhuo and Z. Wang and Y.-Q. Song and Z. Wang
                  and L. Almeida},
  TITLE =       {{iQueue-MAC: A Traffic Adaptive duty-cycled MAC Protocol
                  with Dynamic Slot Allocation}},
  BOOKTITLE =    {IEEE 10th Conference on Sensor, Mesh, and Ad Hoc
                  Communications and Networks},
  SERIES =       {SECON 2013},
  PAGES =        {95--103},
  YEAR =         {2013},
  PUBLISHER =    {IEEE Communications Society}
}

%%%% => Cours de YQS sur les protocoles MAC

@MISC{CoursEnsem,
  AUTHOR =       {Y.-Q. Song},
  TITLE =       {{Protocoles MAC à <<~duty-cycle~>> et (un peu de)
                  routage pour les réseaux de capteurs sans-fil}},
  HOWPUBLISHED = {Université de Lorraine --- ENSEM},
  YEAR =         {2012--2013},
  NOTE =         {Cours <<~Systèmes communicants contraints~>>}
}


%%% Papiers divers sur les couches MAC/RDC des réseaux de capteurs sans-fil
%%%  (non directement liés à un protocole), ou sur la couche physique
%%%  (radio) et son influence sur la couche MAC/RDC
%%%%%%%%%%%%%%%%%%%%%%%%%%%%%%%%%%%%%%%%%%%%%%%%%%%%%%%%%%%%%%%%%%%%%%%%%%%%%

@INPROCEEDINGS{MultiChanProto,
  AUTHOR =       {C.-J. M. Liang and A. Terzis},
  TITLE =       {{Rethinking Multi-channel Protocols in Wireless
                  Sensor Networks}},
  BOOKTITLE =    {Proceedings of the 6th Workshop on Hot Topics
                  in Embedded Networked Sensors},
  SERIES =       {HotEmNets '10},
  PAGES =        {1:1--1:5},
  YEAR =         {2010},
  ISBN =         {978-1-4503-0265-4},
  DOI =          {10.1145/1978642.1978644},
  PUBLISHER =    {ACM}
} 

@INPROCEEDINGS{MAClayerTinyOS,
  AUTHOR =       {K. Klues and G. Hackmann and O. Chipara and C. Lu},
  TITLE =       {{A Component-based Architecture for Power-efficient
                  Media Access Control in Wireless Sensor Networks}},
  BOOKTITLE =    {Proceedings of the 5th International Conference
                  on Embedded Networked Sensor Systems},
  SERIES =       {SenSys '07},
  PAGES =        {59--72},
  YEAR =         {2007},
  ISBN =         {978-1-59593-763-6},
  DOI =          {10.1145/1322263.1322270},
  PUBLISHER =    {ACM}
} 

@INPROCEEDINGS{SelfAdaptingMAClayer, 
  AUTHOR =       {M. Sha and R. Dor and G. Hackmann and C. Lu
                  and T.-S. Kim and T. Park}, 
  TITLE =       {{Self-Adapting MAC Layer for Wireless Sensor Networks}}, 
  BOOKTITLE =    {Proceedings of the 34th IEEE International
                  Real-Time Systems Symposium (RTSS)}, 
  YEAR =         {2013}, 
  PAGES =        {192--201}, 
  ISSN =         {1052-8725},
  DOI =          {10.1109/RTSS.2013.27}, 
  PUBLISHER =    {IEEE}
}

@INPROCEEDINGS{CCAThresholdStudy,
  AUTHOR =       {M. Sha and G. Hackmann and C. Lu},
  TITLE =       {{Energy-Efficient Low Power Listening for
                  Wireless Sensor Networks in Noisy Environments}},
  BOOKTITLE =    {Proceedings of the 12th international conference
                  on Information processing in sensor networks},
  SERIES =       {IPSN '13},
  YEAR =         {2013},
  PAGES =        {277--288},
  ISBN =         {978-1-4503-1959-1},
  DOI =          {10.1145/2461381.2461415},
  PUBLISHER =    {ACM}
}


%%% Papiers sur les applications médicales des réseaux de capteurs sans-fil
%%%%%%%%%%%%%%%%%%%%%%%%%%%%%%%%%%%%%%%%%%%%%%%%%%%%%%%%%%%%%%%%%%%%%%%%%%%%%

@INPROCEEDINGS{RetineArtificielle,
  AUTHOR =       {L. Schwiebert and S. K. S. Gupta and J. Weinmann},
  TITLE =       {{Research Challenges in Wireless Networks of
                  Biomedical Sensors}},
  BOOKTITLE =    {Proceedings of the 7th Annual International Conference
                  on Mobile Computing and Networking},
  SERIES =       {MobiCom '01},
  PAGES =        {151--165},
  YEAR =         {2001},
  DOI =          {10.1145/381677.381692},
  ISBN =         {1-58113-422-3},
  PUBLISHER =    {ACM}
} 

@MISC{RetineArtificielle2,
  AUTHOR =       {\lang{US Department of Energy}},
  TITLE =       {{Artificial Retina Project}},
  YEAR =         {2011},
  NOTE =         {\texttt{http://artificialretina.energy.gov}},
  KEY =          {Retine Artificielle gvt US}
}


%%% Papiers sur les autres applications des réseaux de capteurs sans-fil
%%%%%%%%%%%%%%%%%%%%%%%%%%%%%%%%%%%%%%%%%%%%%%%%%%%%%%%%%%%%%%%%%%%%%%%%%%%%%

@INPROCEEDINGS{AppGoldenGate, 
  AUTHOR =       {S. Kim and S. Pakzad and D. Culler and J. Demmel
                  and G. Fenves and S. Glaser and M. Turon}, 
  TITLE =       {{Health Monitoring of Civil Infrastructures Using
                  Wireless Sensor Networks}}, 
  BOOKTITLE =    {Proceedings of the 6th International Symposium on
                  Information Processing in Sensor Networks}, 
  SERIES =       {IPSN '07},
  PAGES =        {254--263}, 
  YEAR =         {2007}, 
  DOI =          {10.1109/IPSN.2007.4379685},
  PUBLISHER =    {ACM}
}

@PHDTHESIS{ControleTrafic,
  AUTHOR =       {A. N. Knaian},
  TITLE =       {{A wireless sensor network for smart roadbeds and
                  intelligent transportation systems}},
  SCHOOL =       {MIT Media Lab},
  YEAR =         {2000}
}

@INPROCEEDINGS{PipeNet, 
  AUTHOR =       {I. Stoianov and L. Nachman and S. Madden
                  and T. Tokmouline and M. Csail}, 
  TITLE =       {{PIPENET: A Wireless Sensor Network for Pipeline Monitoring}}, 
  BOOKTITLE =    {Proceedings of the 6th International Symposium on
                  Information Processing in Sensor Networks}, 
  SERIES =       {IPSN '07},
  PAGES =        {264--273}, 
  YEAR =         {2007}, 
  DOI =          {10.1109/IPSN.2007.4379686},
  PUBLISHER =    {ACM}
}

@ARTICLE{VolcansWSN, 
  AUTHOR =       {G. Werner-Allen and K. Lorincz and M. Ruiz
                  and O. Marcillo and J. Johnson and J. Lees and M. Welsh},
  TITLE =       {{Deploying a wireless sensor network on an active volcano}},
  JOURNAL =      {IEEE Internet Computing},
  VOLUME =       {10},
  NUMBER =       {2},
  PAGES  =       {18--25},
  YEAR =         {2006},
  MONTH =        {Mars},
  DOI =          {10.1109/MIC.2006.26}, 
  ISSN =         {1089-7801},
  PUBLISHER =    {IEEE}
}

@INPROCEEDINGS{ZebraNet,
  AUTHOR =       {P. Zhang and C. M. Sadler and S. A. Lyon
                  and M. Martonosi},
  TITLE =       {{Hardware Design Experiences in ZebraNet}},
  BOOKTITLE =    {Proceedings of the 2nd International Conference
                  on Embedded Networked Sensor Systems},
  SERIES =       {SenSys '04},
  PAGES =        {227--238},
  YEAR =         {2004},
  DOI =          {10.1145/1031495.1031522},
  ISBN =         {1-58113-879-2},
  PUBLISHER =    {ACM}
}

@INPROCEEDINGS{FloodDetect,
  AUTHOR =       {E. A. Basha and S. Ravela and D. Rus},
  TITLE =       {{Model-based Monitoring for Early Warning Flood Detection}},
  BOOKTITLE =    {Proceedings of the 6th ACM Conference
                  on Embedded Network Sensor Systems},
  SERIES =       {SenSys '08},
  PAGES =        {295--308},
  YEAR =         {2008},
  DOI =          {10.1145/1460412.1460442},
  ISBN =         {978-1-59593-990-6},
  PUBLISHER =    {ACM}
}

@INPROCEEDINGS{NAWMS,
  AUTHOR =       {Y. Kim and T. Schmid and Z. M. Charbiwala and
                  J. Friedman and M. B. Srivastava},
  TITLE =       {{NAWMS: Nonintrusive Autonomous Water Monitoring System}},
  BOOKTITLE =    {Proceedings of the 6th ACM Conference
                  on Embedded Network Sensor Systems},
  SERIES =       {SenSys '08},
  PAGES =        {309--322},
  YEAR =         {2008},
  DOI =          {10.1145/1460412.1460443},
  ISBN =         {978-1-59593-990-6},
  PUBLISHER =    {ACM}
} 

@MISC{AppartIntelligent,
  AUTHOR =      {{LORIA~/ INRIA Nancy Grand-Est}},
  TITLE =       {{Informatique Située~--- Plate-forme <<~Appartement
                  intelligent pour l'assistance à la personne~>>}},
  YEAR =         {depuis 2009},
  HOWPUBLISHED = {[Research Facility]},
  NOTE =         {Web page available at:
                  \texttt{http://infositu.loria.fr/}},
  KEY =          {Appartement intelligent}
}

@INPROCEEDINGS{FabAPP,
  AUTHOR =       {L. Krishnamurthy and R. Adler and P. Buonadonna
                  and J. Chhabra and M. Flanigan and N. Kushalnagar
                  and L. Nachman and M. Yarvis},
  TITLE =       {{Design and Deployment of Industrial Sensor Networks:
                  Experiences from a Semiconductor Plant and the North Sea}},
  BOOKTITLE =    {Proceedings of the 3rd International Conference
                  on Embedded Networked Sensor Systems},
  SERIES =       {SenSys '05},
  PAGES =        {64--75},
  YEAR =         {2005},
  DOI =          {10.1145/1098918.1098926},
  ISBN =         {1-59593-054-X},
  PUBLISHER =    {ACM}
} 

@INPROCEEDINGS{NanoRKHW2013,
  AUTHOR =       {Buevich, M. and Rajagopal, N. and Rowe, A.},
  TITLE =       {{Hardware Assisted Clock Synchronization
                  for Real-Time Sensor Networks}},
  BOOKTITLE =    {34th IEEE Real-Time Systems Symposium},
  SERIES =       {RTSS '13},
  PAGES =        {268--277},
  YEAR =         {2013},
  DOI =          {10.1109/RTSS.2013.34},
  ISSN =         {1052-8725},
  PUBLISHER =    {IEEE}
}


%%% Documents techniques (et autres papiers sur du matériel)
%%%%%%%%%%%%%%%%%%%%%%%%%%%%%%%%%%%%%%%%%%%%%%%%%%%%%%%%%%%%%%%%%%%%%%%%%%%%%

@MANUAL{DSTelosB,
  TITLE =       {{TelosB Mote Platform}},
  ORGANIZATION = {Crossbow},
  EDITION =     {{Document Part Number: 6020-0094-01 Rev B}},
  YEAR =         {2006},
  KEY =          {DataSheet TelosB}
}

@MANUAL{DSMSP430F1611,
  TITLE =       {{MSP430F15x, MSP430F16x, MSP430F161x
                  Mixed Signal Microcontroller}},
  ORGANIZATION = {Texas Instruments},
  EDITION =     {{SLAS368G}},
  YEAR =         {2011},
  KEY =          {DataSheet MSP430F1611}
}

@MANUAL{DSCC2420,
  TITLE =       {{CC2420 2.4 GHz IEEE 802.15.4~/ ZigBee-ready
                  RF Transceiver}},
  ORGANIZATION = {Chipcon Products from Texas Instruments},
  EDITION =     {{SWRS041B}},
  YEAR =         {2007},
  KEY =          {DataSheet CC2420}
}

@MANUAL{DSZ1,
  TITLE =       {{Z1 Datasheet}},
  ORGANIZATION = {Zolertia, trademark of Advancare, S.L.},
  EDITION =     {{v1.1}},
  YEAR =         {2010},
  KEY =          {DataSheet Zolertia Z1}
}

@MANUAL{DSZ1SP,
  TITLE =       {{Z1 Starter Platform Datasheet}},
  ORGANIZATION = {Zolertia, trademark of Advancare, S.L.},
  EDITION =     {{v1.2}},
  YEAR =         {2011},
  KEY =          {DataSheet Zolertia Z1 Starter Platform}
}

@MANUAL{DSMSP430F2617,
  TITLE =       {{MSP430F261x, MSP430F241x,
                  Mixed Signal Microcontroller}},
  ORGANIZATION = {Texas Instruments},
  EDITION =     {{SLAS541K}},
  YEAR =         {2012},
  KEY =          {DataSheet MSP430F2617}
}

@MANUAL{DSMicaZ,
  TITLE =       {{MSP430F261x, MSP430F241x,
                  Mixed Signal Microcontroller}},
  ORGANIZATION = {Crossbow},
  EDITION =     {{Document Part Number: 6020-0060-04 Rev A}},
  YEAR =         {2007},
  KEY =          {DataSheet MicaZ}
}

@MANUAL{DSATmega128L,
  TITLE =       {{ATmega128/128L,
                  8-bit Atmel Microcontroller with 128 KBytes
                  In-System Programmable Flash}},
  ORGANIZATION = {Atmel},
  EDITION =     {{Rev. 2467X–AVR–06/11}},
  YEAR =         {2011},
  KEY =          {DataSheet ATmega128L}
}

@MISC{FireFly3,
  AUTHOR =       {},
  TITLE =       {{FireFly Version 3}},
  HOWPUBLISHED = {[Online: Web Site]},
  YEAR =         {2012},
  NOTE =         {Available at:
                  \texttt{http://www.nanork.org/projects/nanork/wiki/FireFly3}},
  KEY =          {FireFly3}
}

@MANUAL{DSATmega128RFA1,
  TITLE =       {{ATmega128RFA1,
                  8-bit AVR Microcontroller with Low Power 2.4 GHz
                  Transceiver for ZigBee and IEEE 802.15.4}},
  ORGANIZATION = {Atmel},
  EDITION =     {{8266F--MCU Wireless--09/14}},
  YEAR =         {2014},
  KEY =          {DataSheet ATmega128RFA1}
}

@MANUAL{DSSTM32F103RE,
  TITLE =       {{STM32F103xC, STM32F103xD, STM103xE Datasheet}},
  ORGANIZATION = {ST Microelectronics},
  EDITION =     {{Doc ID 14611 Rev 8}},
  YEAR =         {2011},
  KEY =          {DataSheet STM32F103RE}
}

@MANUAL{ManSTM32F10x,
  TITLE =       {{RM0008 Reference manual --- STM32F101xx, STM32F102xx,
                  STM32F103xx, STM32F105xx and STM32F107xx
                  advanced ARM-based 32-bit MCUs}},
  ORGANIZATION = {ST Microelectronics},
  EDITION =     {{Doc ID 13902 Rev 14}},
  YEAR =         {2011},
  KEY =          {Manuel STM32F10x}
}

@MANUAL{ManSTMCortexM3,
  TITLE =       {{PM0056 Programming manual ---
                  STM32F10xxx/20xxx/21xxx/L1xxx
                  Cortex-M3 programming manual}},
  ORGANIZATION = {ST Microelectronics},
  EDITION =     {{Doc ID 15491 Rev 5}},
  YEAR =         {2013},
  KEY =          {Manuel STMCortexM3}
}

@MANUAL{DSAT86RF231,
  TITLE =       {{AT86RF231, Low Power 2.4 GHz Transceiver for ZigBee,
                  IEEE 802.15.4, 6LoWPAN, RF4CE, SP100, WirelessHART,
                  and ISM Applications}},
  ORGANIZATION = {Atmel},
  EDITION =     {{8111C--MCU Wireless--09/09}},
  YEAR =         {2009},
  KEY =          {DataSheet AT86RF231}
}

@MANUAL{DSATmegaRFR2,
  TITLE =       {{ATmega256/128/64RFR2,
                  8-bit AVR Microcontroller with Low Power 2.4 GHz
                  Transceiver for ZigBee and IEEE 802.15.4}},
  ORGANIZATION = {Atmel},
  EDITION =     {{8393C--MCU Wireless--09/14}},
  YEAR =         {2014},
  KEY =          {DataSheet ATmegaRFR2}
}

@INPROCEEDINGS{NetFPGA,
  TITLE =       {{NetFPGA--An Open Platform for Gigabit-Rate Network
                  Switching and Routing}},
  AUTHOR =       {J .W. Lockwood and N. McKeown and G. Watson. and G. Gibb
                  and P. Hartke and J. Naous and R. Raghuraman and J. Luo},
  BOOKTITLE =    {IEEE International Conference on Microelectronic
                  Systems Education, 2007},
  SERIES =       {MSE '07},
  PAGES =        {160--161},
  YEAR =         {2007},
  DOI =          {10.1109/MSE.2007.69},
  ORGANIZATION = {IEEE}
}


%%% Référence à IoT-LAB
%%%%%%%%%%%%%%%%%%%%%%%%%%%%%%%%%%%%%%%%%%%%%%%%%%%%%%%%%%%%%%%%%%%%%%%%%%%%%

@MISC{IotLAB,
  AUTHOR =      {{FIT IoT-LAB}},
  TITLE =       {{IoT-LAB: a vary large scale open testbed
                  (formerly named ``Senslab'')}},
  HOWPUBLISHED = {[Online: Web Site and Online Testbed]},
  YEAR =         {lancé sous le nom de <<~Senslab~>> en 2008},
  NOTE =         {Available at:
                  \texttt{https://iot-lab.info/}},
  KEY =          {IoT-LAB}
}


%%% Papiers sur les "middlewares" liés au réseaux de capteurs sans-fil
%%%%%%%%%%%%%%%%%%%%%%%%%%%%%%%%%%%%%%%%%%%%%%%%%%%%%%%%%%%%%%%%%%%%%%%%%%%%%

@INPROCEEDINGS{Network-Aware-Middleware-WSN-2011,
  AUTHOR =       {P. G. Andreou and D. Zeinalipour-Yiazti and G. Samaras
                  and P. K. Chrysanthis},
  BOOKTITLE =    {8th International Workshop on Data Management
                  for Sensor Networks},
  SERIES =       {DMSN 2011},
  TITLE =       {{Towards a Network-aware Middleware for Wireless
                  Sensor Networks}},
  YEAR =         {2011},
}

@ARTICLE{WSN-ROS-2013,
  AUTHOR =       {P. M. Scholl and B. El Majoub and S. Santini
                  and K. Van Laerhoven},
  TITLE =       {{Connecting Wireless Sensor Networks to the Robot
                  Operating System}},
  JOURNAL =      {Procedia Computer Science},
  VOLUME =       {19},
  PAGES =        {1121--1128},
  YEAR =         {2013},
  PUBLISHER =    {Elsevier}
}

@INPROCEEDINGS{REST-Integration-WSN-Web-2011,
  AUTHOR =       {W. Colitti and K. Steenhaut and N. De Caro
                  and B. Buta and V. Dobrota},
  TITLE =       {{REST Enabled Wireless Sensor Networks for Seamless
                  Integration with Web Applications}},
  BOOKTITLE =    {IEEE 8th International Conference on Mobile Adhoc
                  and Sensor Systems},
  SERIES =       {MASS 2011},
  PAGES =        {867--872},
  YEAR =         {2011},
  ORGANIZATION = {IEEE}
}


%%% "Pull Requests" dans GitHub
%%%%%%%%%%%%%%%%%%%%%%%%%%%%%%%%%%%%%%%%%%%%%%%%%%%%%%%%%%%%%%%%%%%%%%%%%%%%%

%% Contiki

@MISC{PRContiki1,
  AUTHOR =       {K. Roussel and G. Oikonomou and M. Alvira and D. Kopf
                  and V. Sawadski and J. Eriksson and P. A. Bigot
                  and A. Dunkels},
  TITLE =       {{Extended radio drivers API (\#192)}},
  HOWPUBLISHED = {[Online: GitHub PR]},
  YEAR =         {2013},
  NOTE =         {Available at:
                  \texttt{https://github.com/contiki-os/contiki/pull/192}},
  KEY =          {Première pull request Contiki (\#192)}
}

@MISC{PRContiki2,
  AUTHOR =       {K. Roussel and M. Alvira and J. Eriksson and G. Oikonomou
                  and O. Schmidt and A. Dunkels and N. Tsiftes},
  TITLE =       {{Radio API extension (\#519)}},
  HOWPUBLISHED = {[Online: GitHub PR]},
  YEAR =         {2014},
  NOTE =         {Available at:
                  \texttt{https://github.com/contiki-os/contiki/pull/519}},
  KEY =          {Seconde pull request Contiki (\#519)}
}

@MISC{PRContiki3,
  AUTHOR =       {N. Finne and N. Tsiftes and G. Oikonomou and J. Eriksson
                  and R. Quattlebaum and A. Dunkels},
  TITLE =       {{Extended radio API with support for setting channel,
                  pan id, addressing modes, etc (\#617)}},
  HOWPUBLISHED = {[Online: GitHub PR]},
  YEAR =         {2014},
  NOTE =         {Available at:
                  \texttt{https://github.com/contiki-os/contiki/pull/617}},
  KEY =          {Troisième pull request Contiki (\#617)}
}

%% RIOT

@MISC{PRriotPanic,
  AUTHOR =       {K. Roussel and O. Hahm and K. Schleiser and L. Knüpfer
                  and C. Mehlis and R. Kijewski},
  TITLE =       {{Panic (\#685)}},
  HOWPUBLISHED = {[Online: GitHub PR]},
  YEAR =         {2014},
  NOTE =         {Available at:
                  \texttt{https://github.com/RIOT-OS/RIOT/pull/685}},
  KEY =          {Pull request RIOT core-panic (\#685)}
}

@MISC{PRriotPortZ1,
  AUTHOR =       {K. Roussel and O. Hahm and L. Knüpfer and C. Mehlis
                  and T. Eichinger and H. Petersen},
  TITLE =       {{Zolertia Z1 port for RIOT OS (\#893)}},
  HOWPUBLISHED = {[Online: GitHub PR]},
  YEAR =         {2014},
  NOTE =         {Available at:
                  \texttt{https://github.com/RIOT-OS/RIOT/pull/893}},
  KEY =          {Pull request RIOT (\#893)}
}

@MISC{PRriotFix1MSP430,
  AUTHOR =       {K. Roussel and L. Knüpfer and H. Petersen
                  and K. Schleiser},
  TITLE =       {{Ensure hwtimer\_spin() won't wait for an unreachable
                  stop counter value (\#1617)}},
  HOWPUBLISHED = {[Online: GitHub PR]},
  YEAR =         {2014},
  NOTE =         {Available at:
                  \texttt{https://github.com/RIOT-OS/RIOT/pull/1617}},
  KEY =          {Pull request RIOT correction no1 MSP430 (\#1617)}
}

@MISC{PRriotFix2MSP430,
  AUTHOR =       {K. Roussel and L. Knüpfer and O. Hahm
                  and H. van Bruinehsen},
  TITLE =       {{Fix thread\_yield() on MSP430 platforms (\#1618)}},
  HOWPUBLISHED = {[Online: GitHub PR]},
  YEAR =         {2014},
  NOTE =         {Available at:
                  \texttt{https://github.com/RIOT-OS/RIOT/pull/1618}},
  KEY =          {Pull request RIOT correction no2 MSP430  (\#1618)}
}

@MISC{PRriotFix3MSP430,
  AUTHOR =       {K. Roussel and L. Knüpfer and O. Hahm
                  and H. van Bruinehsen and M. Lenders},
  TITLE =       {{Only use 16 significative bits for MSP430 hwtimers
                  (\#1619)}},
  HOWPUBLISHED = {[Online: GitHub PR]},
  YEAR =         {2014},
  NOTE =         {Available at:
                  \texttt{https://github.com/RIOT-OS/RIOT/pull/1619}},
  KEY =          {Pull request RIOT correction no3 MSP430  (\#1619)}
}

@MISC{PRriotDebug1,
  AUTHOR =       {K. Roussel and R. Kijewski and O. Hahm},
  TITLE =       {{Ensure that stack pointer is correctly aligned during
                  thread creation on MSP430 (\#881)}},
  HOWPUBLISHED = {[Online: GitHub PR]},
  YEAR =         {2014},
  NOTE =         {Available at:
                  \texttt{https://github.com/RIOT-OS/RIOT/pull/881}},
  KEY =          {Pull request RIOT (\#881)}
}

@MISC{PRriotDebug2,
  AUTHOR =       {K. Roussel and O. Hahm and T. Eichinger},
  TITLE =       {{CC2420 radio transceiver's driver fixes (\#882)}},
  HOWPUBLISHED = {[Online: GitHub PR]},
  YEAR =         {2014},
  NOTE =         {Available at:
                  \texttt{https://github.com/RIOT-OS/RIOT/pull/882}},
  KEY =          {Pull request RIOT (\#882)}
}

@MISC{PRriotDebug3,
  AUTHOR =       {K. Roussel and O. Hahm},
  TITLE =       {{Fix for CC2420 radio driver for TelosB (\#954)}},
  HOWPUBLISHED = {[Online: GitHub PR]},
  YEAR =         {2014},
  NOTE =         {Available at:
                  \texttt{https://github.com/RIOT-OS/RIOT/pull/954}},
  KEY =          {Pull request RIOT (\#954)}
}

@MISC{PRriotDebug4,
  AUTHOR =       {K. Roussel and O. Hahm and L. Knüpfer},
  TITLE =       {{Handle race conditions preventing MSP430 timers
                  to be set correctly (\#957)}},
  HOWPUBLISHED = {[Online: GitHub PR]},
  YEAR =         {2014},
  NOTE =         {Available at:
                  \texttt{https://github.com/RIOT-OS/RIOT/pull/957}},
  KEY =          {Pull request RIOT (\#957)}
}

@MISC{PRriotDebug5,
  AUTHOR =       {K. Roussel and L. Knüpfer and R. Kijewski and O. Hahm
                  and C. Mehlis and K. Schleiser},
  TITLE =       {{Enhance implementation of hwtimer\_spin() (\#1002)}},
  HOWPUBLISHED = {[Online: GitHub PR]},
  YEAR =         {2014},
  NOTE =         {Available at:
                  \texttt{https://github.com/RIOT-OS/RIOT/pull/1002}},
  KEY =          {Pull request RIOT (\#1002)}
}

@MISC{PRriotDebug6,
  AUTHOR =       {K. Roussel and R. Kijewski and H. Petersen and L. Knüpfer
                  and C. Mehlis and O. Hahm},
  TITLE =       {{Reset ARM Cortex-M3 MCUs before flashing (\#1380)}},
  HOWPUBLISHED = {[Online: GitHub PR]},
  YEAR =         {2014},
  NOTE =         {Available at:
                  \texttt{https://github.com/RIOT-OS/RIOT/pull/1380}},
  KEY =          {Pull request RIOT (\#1380)}
}

@MISC{PRriotDebug7,
  AUTHOR =       {K. Roussel and L. Knüpfer and O. Hahm},
  TITLE =       {{Fix a design error in cc2420\_do\_send() function
                  (\#1383)}},
  HOWPUBLISHED = {[Online: GitHub PR]},
  YEAR =         {2014},
  NOTE =         {Available at:
                  \texttt{https://github.com/RIOT-OS/RIOT/pull/1383}},
  KEY =          {Pull request RIOT (\#1383)}
}

@MISC{PRriotDebug8,
  AUTHOR =       {K. Roussel and L. Knüpfer and O. Hahm},
  TITLE =       {{Fix a nasty race condition in CCA determination
                  on CC2420 (\#1385)}},
  HOWPUBLISHED = {[Online: GitHub PR]},
  YEAR =         {2014},
  NOTE =         {Available at:
                  \texttt{https://github.com/RIOT-OS/RIOT/pull/1385}},
  KEY =          {Pull request RIOT (\#1385)}
}

@MISC{PRriotDebug9,
  AUTHOR =       {K. Roussel and O. Hahm},
  TITLE =       {{boards/z1: fix cc2420\_txrx function in CC2420
                  driver HAL (\#1388)}},
  HOWPUBLISHED = {[Online: GitHub PR]},
  YEAR =         {2014},
  NOTE =         {Available at:
                  \texttt{https://github.com/RIOT-OS/RIOT/pull/1388}},
  KEY =          {Pull request RIOT (\#1388)}
}

@MISC{PRriotDebug10,
  AUTHOR =       {K. Roussel and O. Hahm and L. Knüpfer},
  TITLE =       {{Msp430 misc interrupt-related fixes (\#2214)}},
  HOWPUBLISHED = {[Online: GitHub PR]},
  YEAR =         {2014},
  NOTE =         {Available at:
                  \texttt{https://github.com/RIOT-OS/RIOT/pull/2214}},
  KEY =          {Pull request RIOT (\#2214)}
}

@MISC{PRriotEnh1,
  AUTHOR =       {K. Roussel and L. Knüpfer and O. Hahm and T. Eichinger},
  TITLE =       {{Simplify msp430 headers (\#408)}},
  HOWPUBLISHED = {[Online: GitHub PR]},
  YEAR =         {2013},
  NOTE =         {Available at:
                  \texttt{https://github.com/RIOT-OS/RIOT/pull/408}},
  KEY =          {Pull request RIOT (\#408)}
}

@MISC{PRriotEnh2,
  AUTHOR =       {K. Roussel and O. Hahm and L. Knüpfer},
  TITLE =       {{Msp430 lpm freq (\#459)}},
  HOWPUBLISHED = {[Online: GitHub PR]},
  YEAR =         {2013},
  NOTE =         {Available at:
                  \texttt{https://github.com/RIOT-OS/RIOT/pull/459}},
  KEY =          {Pull request RIOT (\#459)}
}

@MISC{PRriotEnh3,
  AUTHOR =       {K. Roussel and R. Kijewski and O. Hahm and L. Knüpfer
                  and C. Mehlis},
  TITLE =       {{Add a reboot() function to kernel.h definitions (\#687)}},
  HOWPUBLISHED = {[Online: GitHub PR]},
  YEAR =         {2014},
  NOTE =         {Available at:
                  \texttt{https://github.com/RIOT-OS/RIOT/pull/687}},
  KEY =          {Pull request RIOT (\#687)}
}

@MISC{PRriotEnh4,
  AUTHOR =       {K. Roussel and R. Kijewski and K. Schleiser},
  TITLE =       {{Portable definition of function attributes (\#689)}},
  HOWPUBLISHED = {[Online: GitHub PR]},
  YEAR =         {2014},
  NOTE =         {Available at:
                  \texttt{https://github.com/RIOT-OS/RIOT/pull/689}},
  KEY =          {Pull request RIOT (\#689)}
}

@MISC{PRriotEnh5,
  AUTHOR =       {K. Roussel and R. Kijewski and O. Hahm and L. Knüpfer},
  TITLE =       {{Reboot (\#724)}},
  HOWPUBLISHED = {[Online: GitHub PR]},
  YEAR =         {2014},
  NOTE =         {Available at:
                  \texttt{https://github.com/RIOT-OS/RIOT/pull/724}},
  KEY =          {Pull request RIOT (\#724)}
}

@MISC{PRriotEnh6,
  AUTHOR =       {K. Roussel and L. Knüpfer and T. Eichinger and O. Hahm
                  and R. Kijewski},
  TITLE =       {{Add a standard way to query CCA status on CC2420
                  transceiver (\#915)}},
  HOWPUBLISHED = {[Online: GitHub PR]},
  YEAR =         {2014},
  NOTE =         {Available at:
                  \texttt{https://github.com/RIOT-OS/RIOT/pull/915}},
  KEY =          {Pull request RIOT (\#915)}
}

@MISC{PRriotEnh7,
  AUTHOR =       {K. Roussel and O. Hahm and L. Knüpfer and T. Eichinger
                  and M. Lenders},
  TITLE =       {{Proposal for common 802.15.4 radio driver API
                  definition (\#925)}},
  HOWPUBLISHED = {[Online: GitHub PR]},
  YEAR =         {2014},
  NOTE =         {Available at:
                  \texttt{https://github.com/RIOT-OS/RIOT/pull/925}},
  KEY =          {Pull request RIOT (\#925)}
}

@MISC{PRriotEnh8,
  AUTHOR =       {K. Roussel and R. Kijewski and K. Schleiser and L. Knüpfer
                  and O. Hahm and C. Mehlis},
  TITLE =       {{core: Add the ability to send a message to the current
                  thread's message queue (\#970)}},
  HOWPUBLISHED = {[Online: GitHub PR]},
  YEAR =         {2014},
  NOTE =         {Available at:
                  \texttt{https://github.com/RIOT-OS/RIOT/pull/970}},
  KEY =          {Pull request RIOT (\#970)}
}

@MISC{PRriotEnh9,
  AUTHOR =       {K. Roussel and O. Hahm and L. Knüpfer},
  TITLE =       {{Use Timer B on MSP430 architecture (\#1113)}},
  HOWPUBLISHED = {[Online: GitHub PR]},
  YEAR =         {2014},
  NOTE =         {Available at:
                  \texttt{https://github.com/RIOT-OS/RIOT/pull/1113}},
  KEY =          {Pull request RIOT (\#1113)}
}

@MISC{PRriotEnh10,
  AUTHOR =       {K. Roussel and O. Hahm},
  TITLE =       {{Completing low-level radio driver definition (\#1211)}},
  HOWPUBLISHED = {[Online: GitHub PR]},
  YEAR =         {2014},
  NOTE =         {Available at:
                  \texttt{https://github.com/RIOT-OS/RIOT/pull/1211}},
  KEY =          {Pull request RIOT (\#1211)}
}

@MISC{PRriotEnh11,
  AUTHOR =       {K. Roussel and O. Hahm and T. Eichinger and C. Mehlis},
  TITLE =       {{Modify \& extend CC2420 driver to comply with API
                  described in 'radio\_driver.h' (\#1223)}},
  HOWPUBLISHED = {[Online: GitHub PR]},
  YEAR =         {2014},
  NOTE =         {Available at:
                  \texttt{https://github.com/RIOT-OS/RIOT/pull/1223}},
  KEY =          {Pull request RIOT (\#1223)}
}

@MISC{PRriotEnh12,
  AUTHOR =       {K. Roussel and O. Hahm},
  TITLE =       {{Add a missing constant in 'radio\_tx\_status\_t' enum
                  (\#1239)}},
  HOWPUBLISHED = {[Online: GitHub PR]},
  YEAR =         {2014},
  NOTE =         {Available at:
                  \texttt{https://github.com/RIOT-OS/RIOT/pull/1239}},
  KEY =          {Pull request RIOT (\#1239)}
}

@MISC{PRriotEnh13,
  AUTHOR =       {K. Roussel and J. Remmert and O. Hahm},
  TITLE =       {{Add a netopt for getting and setting CCA threshold
                  (\#4138)}},
  HOWPUBLISHED = {[Online: GitHub PR]},
  YEAR =         {2015},
  NOTE =         {Available at:
                  \texttt{https://github.com/RIOT-OS/RIOT/pull/4138}},
  KEY =          {Pull request RIOT (\#4138)}
}


%%% Articles de blogues
%%%%%%%%%%%%%%%%%%%%%%%%%%%%%%%%%%%%%%%%%%%%%%%%%%%%%%%%%%%%%%%%%%%%%%%%%%%%%

@MISC{BlogJUdit,
  AUTHOR =       {J. Udit},
  TITLE =       {{Jeremy's blog -- Contiki OS article}},
  HOWPUBLISHED = {[Online: personal blog of Jeremy Udit]},
  YEAR =         {2012},
  MONTH =        {Août},
  NOTE =         {Available at:
                  \texttt{http://jeremyudit.blogspot.fr/2012/08/contiki-os.html}},
  KEY =          {Blog Jeremy Udit}
}

@MISC{Contiki3Annonce,
  AUTHOR =       {A. Dunkels},
  TITLE =       {{Contiki 3.0 Released, New Hardware from
                  Texas Instruments, Zolertia}},
  HOWPUBLISHED = {[Online: blog of the Contiki OS project]},
  YEAR =         {2015},
  NOTE =         {Available at:
                  \texttt{http://contiki-os.blogspot.fr/2015/08/contiki-30-released- new-hardware-from.html},
                  See the ``Internal Changes'' section, 2nd paragraph},
  KEY =          {Blog annonce Contiki 3.0}
}

@MISC{CCMQdS,
  TITLE =       {{Comment ça marche -- QoS - Qualité de service}},
  HOWPUBLISHED = {[Online: Web site]},
  YEAR =         {2014},
  MONTH =        {Juin},
  EDITOR =       {J. F. Pillou},
  NOTE =         {Available at:
                  \texttt{http://www.commentcamarche.net/contents/532-qos-qualite-de-service}},
  KEY =          {Comment ça marche QoS}
}


%%% Papiers potentiellement "victimes" du problème d'inexactitude repéré
%%%  dans Cooja/MSPSim
%%%%%%%%%%%%%%%%%%%%%%%%%%%%%%%%%%%%%%%%%%%%%%%%%%%%%%%%%%%%%%%%%%%%%%%%%%%%%

@INPROCEEDINGS{Co-RPL-2014,
  AUTHOR =      {O. Gaddour and A. Koubaa and R. Rangarajan
                 and O. Cheikhrouhou and E. Tovar and M. Abid},
  BOOKTITLE =   {SIES 2014}, 
  TITLE =      {{Co-RPL: RPL Routing for Mobile Low Power Wireless
                 Sensor Networks Using Corona Mechanism}}, 
  YEAR =        {2014},
  MONTH =       {June},
  PAGES =       {200--209},
}

@INPROCEEDINGS{Constrain-Routing-Trees-2014,
  AUTHOR =      {B.F. Marques and M.P. Ricardo},
  BOOKTITLE =   {MED-HOC-NET 2014}, 
  TITLE =      {{Improving the Energy Efficiency of WSN by Using
                 Application-Layer Topologies to Constrain RPL-Defined
                 Routing Trees}}, 
  YEAR =        {2014},
  MONTH =       {June},
  PAGES =       {126--133},
}

@INPROCEEDINGS{DINAS-2014,
  AUTHOR =      {M. Amoretti and O. Alphand and G. Ferrari
                 and F. Rousseau and A. Duda},
  BOOKTITLE =   {WCNC 2014}, 
  TITLE =      {{DINAS: A Distributed Naming Service for All-IP Wireless
                 Sensor Networks}}, 
  YEAR =        {2014},
  MONTH =       {April},
  PAGES =       {2781--2786},
}

@ARTICLE{Efficient-Distrib-Svc-Discovery-2014,
  AUTHOR =      {B. Djamaa and M. Richardson and N. Aouf and B. Walters},
  TITLE =      {{Towards Efficient Distributed Service Discovery
                 in Low-Power and Lossy Networks}},
  JOURNAL =     {Wireless Networks},
  VOLUME =      {20},
  NUMBER =      {8},
  PAGES =       {2437--2453},
  YEAR =        {2014},
  ISSN =        {1022-0038},
}

@ARTICLE{IETF-Routing-WSN-2014,
  AUTHOR =      {Ancillotti, E. and Bruno, R. and Conti, M.},
  TITLE =      {{Reliable Data Delivery With the IETF Routing Protocol
                 for Low-Power and Lossy Networks}},
  JOURNAL =     {Industrial Informatics, IEEE Transactions on},
  VOLUME =      {10},
  NUMBER =      {3},
  PAGES =       {1864--1877},
  YEAR =        {2014},
  MONTH =       {Aug},
  ISSN =        {1551-3203},
}

@ARTICLE{Key-Mgmt-2015,
  AUTHOR =      {S.-H. Seo and J. Won and S. Sultana and E. Bertino},
  TITLE =      {{Effective Key Management in Dynamic Wireless Sensor Networks}}, 
  JOURNAL =     {Information Forensics and Security, IEEE Transactions on}, 
  VOLUME =      {10},
  NUMBER =      {2},
  PAGES =       {371--383},
  YEAR =        {2015},
  MONTH =       {Feb},
  ISSN =        {1556-6013},
}

@INPROCEEDINGS{Lightweight-Multicast-Forwarding-2014,
  AUTHOR =      {M. Antonini and S. Cirani and G. Ferrari
                 and P. Medagliani and M. Picone and L. Veltri},
  BOOKTITLE =   {SoftCOM 2014}, 
  TITLE =      {{Lightweight Multicast Forwarding for Service Discovery
                 in Low-Power IoT Networks}}, 
  YEAR =        {2014},
  MONTH =       {Sept},
  PAGES =       {133--138},
}

@ARTICLE{Probing-Mech-wu-2015,
  AUTHOR =      {X. Wu and K.N. Brown and C.J. Sreenan}, 
  TITLE =      {{Contact Probing Mechanisms for Opportunistic Sensor Data
                 Collection}},
  JOURNAL =     {The Computer Journal},
  YEAR =        {2015}, 
}

@INPROCEEDINGS{TinySDN-2014,
  AUTHOR =      {B. Trevizan de Oliveira and C. Borges Margi
                 and L. Batista Gabriel},
  BOOKTITLE =   {LATINCOM 2014}, 
  TITLE =      {{TinySDN: Enabling Multiple Controllers for Software-Defined
                 Wireless Sensor Networks}}, 
  YEAR =        {2014},
  MONTH =       {Nov},
  PAGES =       {1--6},
}

@INPROCEEDINGS{Trickle-L2-2014,
  AUTHOR =      {E. Ancillotti and R. Bruno and M. Conti
                 and E. Mingozzi and C. Vallati},
  BOOKTITLE =   {WoWMoM 2014}, 
  TITLE =      {{Trickle-L\textsuperscript{2}: Lightweight Link Quality
                 Estimation through Trickle in RPL Networks}}, 
  YEAR =        {2014},
  MONTH =       {June},
  PAGES =       {1--9},
}

@ARTICLE{Visual-Sensor-Networks-2014,
  AUTHOR =      {E. Felemban and A.A. Sheikh and M.A. Manzoor},
  TITLE =      {{Improving Response Time in Time Critical
                 Visual Sensor Network Applications}},
  JOURNAL =     {Ad Hoc Networks},
  VOLUME =      {23},
  PAGES =       {65--79},
  YEAR =        {2014},
  ISSN =        {1570-8705},
}

%%%%%%%%%%%%%%%%%%%%%%%%%%%%%%%%%%%%%%%%%%%%%%%%%%%%%%%%%%%%%%%%%%%%%%%%%%%%%%%%
%%%                          Fin du fichier BibTeX                           %%%
%%%%%%%%%%%%%%%%%%%%%%%%%%%%%%%%%%%%%%%%%%%%%%%%%%%%%%%%%%%%%%%%%%%%%%%%%%%%%%%%


